<?xml version="1.0" encoding="UTF-8"?><collection xmlns="http://www.loc.gov/MARC21/slim"><record><leader>00480nam--2200181-i-4500</leader><controlfield tag="001">000003394</controlfield><controlfield tag="002">20161230</controlfield><controlfield tag="005">20161230201025</controlfield><controlfield tag="008">060222s1000------------r-----000-0-eng-d</controlfield><datafield ind1=" " ind2=" " tag="040"><subfield code="a">IFIN-HH</subfield></datafield><datafield ind1=" " ind2=" " tag="080"><subfield code="a">536.52</subfield></datafield><datafield ind1="1" ind2=" " tag="100"><subfield code="a">Wood, William P</subfield></datafield><datafield ind1="1" ind2="0" tag="245"><subfield code="a">Pyrometry</subfield><subfield code="c">William p. wood; james m. cork</subfield></datafield><datafield ind1=" " ind2=" " tag="260"><subfield code="a">New York</subfield><subfield code="b">Mcgrow-hill Book Company, Inc</subfield><subfield code="c">1941</subfield></datafield><datafield ind1=" " ind2=" " tag="300"><subfield code="a">XI + 263 P. CU ILUSTR</subfield></datafield><datafield ind1="1" ind2=" " tag="700"><subfield code="a">Cork, James M</subfield></datafield><datafield ind1=" " ind2=" " tag="852"><subfield code="a">3246</subfield><subfield code="c">536</subfield></datafield><datafield ind1=" " ind2=" " tag="CAT"><subfield code="a">Sys</subfield><subfield code="c">20110502</subfield><subfield code="h">160835</subfield></datafield></record></collection>